@inproceedings{intracoh,
  title={Intra-text coherence as a measure of topic models' interpretability},
  author={Alekseev, Vasiliy and Bulatov, Victor and Vorontsov, Konstantin},
  booktitle={Computational Linguistics and Intellectual Technologies: Papers from the Annual International Conference Dialogue},
  pages={1--13},
  year={2018}
}

@inproceedings{popov_hier,
  title={Unsupervised dialogue intent detection via hierarchical topic model},
  author={Artem Popov and Victor Bulatov and Darya Polyudova and Eugenia Veselova},
  booktitle={RANLP},
  pages={932--938},
  year={2019}
}

@inproceedings{bulatov2020topicnet,
  title={TopicNet: Making Additive Regularisation for Topic Modelling Accessible},
  author={Bulatov, Victor and Alekseev, Vasiliy and Vorontsov, Konstantin and Polyudova, Darya and Veselova, Eugenia and Goncharov, Alexey and Egorov, Evgeny},
  booktitle={Proceedings of The 12th Language Resources and Evaluation Conference},
  pages={6745--6752},
  year={2020}
}