
@misc{mlplus,
  author    =   "Selva Prabhakaran",
  title     =   "Topic Modeling with Gensim (Python)",
  year      =   "2018",
  note      =   "\url{https://www.machinelearningplus.com/nlp/topic-modeling-gensim-python/\#17howtofindtheoptimalnumberoftopicsforlda}."
}

@inproceedings{bryant2012truly,
  title={Truly nonparametric online variational inference for hierarchical Dirichlet processes},
  author={Bryant, Michael and Sudderth, Erik B},
  booktitle={Advances in Neural Information Processing Systems},
  pages={2699--2707},
  year={2012}
}
@inproceedings{teh2005sharing,
  title={Sharing clusters among related groups: Hierarchical Dirichlet processes},
  author={Teh, Yee W and Jordan, Michael I and Beal, Matthew J and Blei, David M},
  booktitle={Advances in neural information processing systems},
  pages={1385--1392},
  year={2005}
}

% !!!
@article{ldade,
    title = "What is wrong with topic modeling? And how to fix it using search-based software engineering",
    journal = "Information and Software Technology",
    volume = "98",
    pages = "74 - 88",
    year = "2018",
    issn = "0950-5849",
    author = "Amritanshu Agrawal and Wei Fu and Tim Menzies",
}

@inproceedings{image_segm,
  title={Adaptive Region Clustering in LDA Framework for Image Segmentation},
  author={Wang, Xiaoru and Du, Junping and Wu, Shuzhe and Li, Fu},
  booktitle={Proceedings of 2013 Chinese Intelligent Automation Conference},
  pages={591--602},
  year={2013},
  organization={Springer}
}

@inproceedings{plavin,
  title={Additive regularization of topic models for topic selection and sparse factorization},
  author={Vorontsov, Konstantin and Potapenko, Anna and Plavin, Alexander},
  booktitle={International Symposium on Statistical Learning and Data Sciences},
  pages={193--202},
  year={2015},
  organization={Springer}
}
% !!!
@article{cao2009density,
  title={A density-based method for adaptive LDA model selection},
  author={Cao, Juan and Xia, Tian and Li, Jintao and Zhang, Yongdong and Tang, Sheng},
  journal={Neurocomputing},
  volume={72},
  number={7-9},
  pages={1775--1781},
  year={2009},
  publisher={Elsevier}
}
@inproceedings{wang2016catching,
  title={Catching fire via" likes": Inferring topic preferences of trump followers on twitter},
  author={Wang, Yu and Luo, Jiebo and Niemi, Richard and Li, Yuncheng and Hu, Tianran},
  booktitle={Tenth International AAAI Conference on Web and Social Media},
  year={2016}
}

@article{mml0,
  title={Unsupervised learning of a finite mixture model based on the Dirichlet distribution and its application to software modules categorization},
  author={Bouguila, Nizar and Ziou, Djemel and Vaillancourt, Jean},
  journal={IEEE Transactions on Image Processing},
  volume={13},
  number={11},
  pages={1533--1543},
  year={2004},
  publisher={IEEE}
}
@article{mml1,
  title={Unsupervised selection of a finite Dirichlet mixture model: an MML-based approach},
  author={Bouguila, Nizar and Ziou, Djemel},
  journal={IEEE Transactions on Knowledge and Data Engineering},
  volume={18},
  number={8},
  pages={993--1009},
  year={2006},
  publisher={IEEE}
}
@article{mml2,
  title={High-dimensional unsupervised selection and estimation of a finite generalized Dirichlet mixture model based on minimum message length},
  author={Bouguila, Nizar and Ziou, Djemel},
  journal={IEEE transactions on pattern analysis and machine intelligence},
  volume={29},
  number={10},
  pages={1716--1731},
  year={2007},
  publisher={IEEE}
}
@article{mml3,
  title={Clustering of count data using generalized Dirichlet multinomial distributions},
  author={Bouguila, Nizar},
  journal={IEEE Transactions on Knowledge and Data Engineering},
  volume={20},
  number={4},
  pages={462--474},
  year={2008},
  publisher={IEEE}
}
@article{mml4,
  title={A hybrid feature extraction selection approach for high-dimensional non-Gaussian data clustering},
  author={Boutemedjet, Sabri and Bouguila, Nizar and Ziou, Djemel},
  journal={IEEE Transactions on Pattern Analysis and Machine Intelligence},
  volume={31},
  number={8},
  pages={1429--1443},
  year={2008},
  publisher={IEEE}
}
@InProceedings{mml5,
    author="Zamzami, Nuha and Bouguila, Nizar",
    title="MML-Based Approach for Determining the Number of Topics in EDCM Mixture Models",
    booktitle="Advances in Artificial Intelligence",
    year="2018",
}

% !!!
@article{gerlach2018network,
  title={A network approach to topic models},
  author={Gerlach, Martin and Peixoto, Tiago P and Altmann, Eduardo G},
  journal={Science advances},
  volume={4},
  number={7},
  pages={eaaq1360},
  year={2018},
  publisher={American Association for the Advancement of Science}
}


% !!!
@article {Brunet4164,
	author = {Brunet, Jean-Philippe and Tamayo, Pablo and Golub, Todd R. and Mesirov, Jill P.},
	title = {Metagenes and molecular pattern discovery using matrix factorization},
	volume = {101},
	number = {12},
	pages = {4164--4169},
	year = {2004},
	doi = {10.1073/pnas.0308531101},
	publisher = {National Academy of Sciences},
	issn = {0027-8424},
	URL = {https://www.pnas.org/content/101/12/4164},
	eprint = {https://www.pnas.org/content/101/12/4164.full.pdf},
	journal = {Proceedings of the National Academy of Sciences}
}

% !!!
@inproceedings{arun2010finding,
  title={On finding the natural number of topics with latent dirichlet allocation: Some observations},
  author={Arun, Rajkumar and Suresh, Venkatasubramaniyan and Madhavan, CE Veni and Murthy, MN Narasimha},
  booktitle={Pacific-Asia conference on knowledge discovery and data mining},
  pages={391--402},
  year={2010},
  organization={Springer}
}
% !!!
@misc{sathi2016quality,
  title={A Quality Criteria Based Evaluation of Topic Models},
  author={Sathi, Veer Reddy and Ramanujapura, Jai Simha},
  year={2016}
}
@inproceedings{panichella2013effectively,
  title={How to effectively use topic models for software engineering tasks? an approach based on genetic algorithms},
  author={Panichella, Annibale and Dit, Bogdan and Oliveto, Rocco and Di Penta, Massimilano and Poshynanyk, Denys and De Lucia, Andrea},
  booktitle={2013 35th International Conference on Software Engineering (ICSE)},
  pages={522--531},
  year={2013},
  organization={IEEE}
}
@INPROCEEDINGS{mehta_clustering_bank, 
    author={V. {Mehta} and R. S. {Caceres} and K. M. {Carter}}, 
    booktitle={2014 IEEE Symposium on Computational Intelligence and Data Mining (CIDM)}, 
    title={Evaluating topic quality using model clustering}, 
    year={2014}, 
}
@article{wang2011topic,
  title={Topic Discovery based on LDA\_col Model and Topic Significance Re-ranking.},
  author={Wang, Lidong and Wei, Baogang and Yuan, Jie},
  journal={JCP},
  volume={6},
  number={8},
  pages={1639--1647},
  year={2011}
}
@article{Blei_lafferty,
  title={Topic models},
  author={Blei, David M and Lafferty, John D},
  journal={Text mining: classification, clustering, and applications},
  volume={10},
  number={71},
  pages={34},
  year={2009},
  publisher={CRC Press Boca Raton, FL}
}
@inproceedings{mantyla2018measuring,
  title={Measuring LDA topic stability from clusters of replicated runs},
  author={Mantyla, Mika V and Claes, Maelick and Farooq, Umar},
  booktitle={Proceedings of the 12th ACM/IEEE International Symposium on Empirical Software Engineering and Measurement},
  pages={1--4},
  year={2018}
}
@article{karami2018fuzzy,
  title={Fuzzy approach topic discovery in health and medical corpora},
  author={Karami, Amir and Gangopadhyay, Aryya and Zhou, Bin and Kharrazi, Hadi},
  journal={International Journal of Fuzzy Systems},
  volume={20},
  number={4},
  pages={1334--1345},
  year={2018},
  publisher={Springer}
}
@inproceedings{gialampoukidis2016hybrid,
  title={A hybrid framework for news clustering based on the DBSCAN-Martingale and LDA},
  author={Gialampoukidis, Ilias and Vrochidis, Stefanos and Kompatsiaris, Ioannis},
  booktitle={International Conference on Machine Learning and Data Mining in Pattern Recognition},
  pages={170--184},
  year={2016},
  organization={Springer}
}
@inproceedings{than2012fully,
  title={Fully sparse topic models},
  author={Than, Khoat and Ho, Tu Bao},
  booktitle={Joint European Conference on Machine Learning and Knowledge Discovery in Databases},
  pages={490--505},
  year={2012},
  organization={Springer}
}


@inproceedings{greene14howmany,
  title={How many topics? stability analysis for topic models},
  author={Greene, Derek and O’Callaghan, Derek and Cunningham, P{\'a}draig},
  booktitle={Joint European Conference on Machine Learning and Knowledge Discovery in Databases},
  pages={498--513},
  year={2014},
  organization={Springer}
}
@article{belford2018stability,
  title={Stability of topic modeling via matrix factorization},
  author={Belford, Mark and Mac Namee, Brian and Greene, Derek},
  journal={Expert Systems with Applications},
  volume={91},
  pages={159--169},
  year={2018},
  publisher={Elsevier}
}
@article{cheng14analysing,
  title={Analyzing the Number of Latent Topics via Spectral Decomposition},
  author={Cheng, Dehua and He, Xinran and Liu, Yan},
  journal={stat},
  volume={1050},
  pages={23},
  year={2014}
}
@inproceedings{zhao15heuristic,
  title={A heuristic approach to determine an appropriate number of topics in topic modeling},
  author={Zhao, Weizhong and Chen, James J and Perkins, Roger and Liu, Zhichao and Ge, Weigong and Ding, Yijun and Zou, Wen},
  booktitle={BMC bioinformatics},
  year={2015},
  organization={Springer}
}
@article{tang14look,
  title={" Look Ma, No Hands!" A Parameter-Free Topic Model},
  author={Tang, Jian and Zhang, Ming and Mei, Qiaozhu},
  journal={arXiv preprint arXiv:1409.2993},
  year={2014}
}

@article{krasnov19clustering,
  title={The number of topics optimization: clustering approach},
  author={Krasnov, Fedor and Sen, Anastasiia},
  journal={Machine Learning and Knowledge Extraction},
  volume={1},
  number={1},
  pages={416--426},
  year={2019},
  publisher={Multidisciplinary Digital Publishing Institute}
}
@article{soleimani14parsimonious,
  title={Parsimonious topic models with salient word discovery},
  author={Soleimani, Hossein and Miller, David J},
  journal={IEEE Transactions on Knowledge and Data Engineering},
  year={2014},
  volume={27},
  number={3},
  pages={824--837},
}
@article{koltcov2018application,
  title={Application of R{\'e}nyi and Tsallis entropies to topic modeling optimization},
  author={Koltcov, Sergei},
  journal={Physica A: Statistical Mechanics and its Applications},
  volume={512},
  pages={1192--1204},
  year={2018},
  publisher={Elsevier}
}
@article{griffiths2004finding,
  title={Finding scientific topics},
  author={Griffiths, Thomas L and Steyvers, Mark},
  journal={Proceedings of the National academy of Sciences},
  volume={101},
  number={suppl 1},
  pages={5228--5235},
  year={2004},
  publisher={National Acad Sciences}
}
@article{deveaud2014accurate,
  title={Accurate and effective latent concept modeling for ad hoc information retrieval},
  author={Deveaud, Romain and SanJuan, Eric and Bellot, Patrice},
  journal={Document num{\'e}rique},
  volume={17},
  number={1},
  pages={61--84},
  year={2014},
  publisher={Lavoisier}
}

@inproceedings{guille2016tom,
  title={TOM: A library for topic modeling and browsing.},
  author={Guille, Adrien and Soriano-Morales, Edmundo-Pavel},
}

@Manual{ldatuning,
    title = {ldatuning: Tuning of the Latent Dirichlet Allocation Models Parameters},
    author = {Murzintcev Nikita, Nathan Chaney},
    year = {2020},
    note = {R package version 1.0.2},
    url = {https://CRAN.R-project.org/package=ldatuning},
}


@inproceedings{veselova2020topic,
  title={Topic Balancing with Additive Regularization of Topic Models},
  author={Veselova, Eugeniia and Vorontsov, Konstantin},
  booktitle={Proceedings of the 58th Annual Meeting of the Association for Computational Linguistics: Student Research Workshop},
  pages={59--65},
  year={2020}
}

@article{biggers2014configuring,
  title={Configuring latent dirichlet allocation based feature location},
  author={Biggers, Lauren R and Bocovich, Cecylia and Capshaw, Riley and Eddy, Brian P and Etzkorn, Letha H and Kraft, Nicholas A},
  journal={Empirical Software Engineering},
  volume={19},
  number={3},
  pages={465--500},
  year={2014},
  publisher={Springer}
}
@article{rosen2016mobile,
  title={What are mobile developers asking about? a large scale study using stack overflow},
  author={Rosen, Christoffer and Shihab, Emad},
  journal={Empirical Software Engineering},
  volume={21},
  number={3},
  pages={1192--1223},
  year={2016},
  publisher={Springer}
}
@inproceedings{tan2010topic,
  title={Topic-weak-correlated latent dirichlet allocation},
  author={Tan, Yimin and Ou, Zhijian},
  booktitle={2010 7th International Symposium on Chinese Spoken Language Processing},
  pages={224--228},
  year={2010},
  organization={IEEE}
}

% SPARSITY
@article{fan2019assessing,
  title={Assessing topic model relevance: Evaluation and informative priors},
  author={Fan, Angela and Doshi-Velez, Finale and Miratrix, Luke},
  journal={Statistical Analysis and Data Mining: The ASA Data Science Journal},
  volume={12},
  number={3},
  pages={210--222},
  year={2019},
  publisher={Wiley Online Library}
}
@inproceedings{lin2014dual,
  title={The dual-sparse topic model: mining focused topics and focused terms in short text},
  author={Lin, Tianyi and Tian, Wentao and Mei, Qiaozhu and Cheng, Hong},
  booktitle={Proceedings of the 23rd international conference on World wide web},
  pages={539--550},
  year={2014}
}
@inproceedings{potapenko2013robust,
  title={Robust PLSA performs better than LDA},
  author={Potapenko, Anna and Vorontsov, Konstantin},
  booktitle={European Conference on Information Retrieval},
  pages={784--787},
  year={2013},
  organization={Springer}
}
@article{paul2014discovering,
  title={Discovering health topics in social media using topic models},
  author={Paul, Michael J and Dredze, Mark},
  journal={PloS one},
  volume={9},
  number={8},
  pages={e103408},
  year={2014},
  publisher={Public Library of Science}
}
@inproceedings{chemudugunta2007modeling,
  title={Modeling general and specific aspects of documents with a probabilistic topic model},
  author={Chemudugunta, Chaitanya and Smyth, Padhraic and Steyvers, Mark},
  booktitle={Advances in neural information processing systems},
  pages={241--248},
  year={2007}
}

@article{ptm,
  title={Вероятностное тематическое моделирование},
  author={Воронцов, КВ},
  year={2013},
  journal={Курс лекций}
}


@inproceedings{vorontsov2015non,
  title={Non-Bayesian additive regularization for multimodal topic modeling of large collections},
  author={Vorontsov, Konstantin and Frei, Oleksandr and Apishev, Murat and Romov, Peter and Suvorova, Marina and Yanina, Anastasia},
  booktitle={Proceedings of the 2015 Workshop on Topic Models: Post-Processing and Applications},
  pages={29--37},
  year={2015},
  organization={ACM}
}


@article{yanina,
  title={Мультимодальные тематические модели статей коллективных блогов для разведочного поиска},
  author={Янина Анастасия},
  journal={ВКР магистра},
  publisher={МФТИ},
  year={2016},
  url={http://www.machinelearning.ru/wiki/images/5/52/Yanina2016Bsc.pdf}
}

@article{doykov,
  title={Адаптивная регуляризация
вероятностных тематических моделей},
  author={Дойков, Никита Владимирович},
  journal={ВКР бакалавра},
  publisher={ВМК МГУ},
  year={2015},
  url={http://www.machinelearning.ru/wiki/images/9/9f/2015_417_DoykovNV.pdf}
}

@article{shapulin,
  title={Регуляризация вероятностных тематических моделей для классификации символьных последовательностей},
  author={Шапулин Андрей Валентинович},
  journal={Выпускная квалификационная работа},
  publisher={ВМК МГУ},
  year={2015},
  url={http://www.machinelearning.ru/wiki/images/a/ae/2015_417_ShapulinAV.pdf}
}

@article{bulatov,
  title={Использование графовой структуры в тематическом моделировании},
  author={Булатов Виктор},
  journal={ВКР магистра},
  publisher={МФТИ},
  year={2016},
  url={http://www.machinelearning.ru/wiki/images/4/4d/Bulatov-2016-ms.pdf}
}

@inproceedings{egorov2019topic,
  title={Topic Modelling for Extracting Behavioral Patterns from Transactions Data}, 
  author={Egorov, Evgeny and Nikitin, Filipp and Alekseev, Vasiliy and Goncharov, Alexey and Vorontsov, Konstantin},
  booktitle={2019 International Conference on Artificial Intelligence: Applications and Innovations (IC-AIAI)},
  pages={44--49},
  year={2019},
  organization={IEEE}
}

@incollection{vorontsov2015bigartm,
  title={BigARTM: Open Source Library for Regularized Multimodal Topic Modeling of Large Collections},
  author={Vorontsov, Konstantin and Frei, Oleksandr and Apishev, Murat and Romov, Peter and Dudarenko, Marina},
  booktitle={Analysis of Images, Social Networks and Texts},
  pages={370--381},
  year={2015},
  publisher={Springer}
}
@inproceedings{wallach2006topic,
  title={Topic modeling: beyond bag-of-words},
  author={Wallach, Hanna M},
  booktitle={Proceedings of the 23rd international conference on Machine learning},
  pages={977--984},
  year={2006}
}
@inproceedings{gruber2007hidden,
  title={Hidden topic markov models},
  author={Gruber, Amit and Weiss, Yair and Rosen-Zvi, Michal},
  booktitle={Artificial intelligence and statistics},
  pages={163--170},
  year={2007}
}
@inproceedings{mimno,
  title={Optimizing semantic coherence in topic models},
  author={Mimno, David and Wallach, Hanna M and Talley, Edmund and Leenders, Miriam and McCallum, Andrew},
  booktitle={Proceedings of the Conference on Empirical Methods in Natural Language Processing},
  pages={262--272},
  year={2011},
  organization={Association for Computational Linguistics}
}
@inproceedings{Originator,
  title={Originator or propagator?: incorporating social role theory into topic models for twitter content analysis},
  author={Zhao, Xin Wayne and Wang, Jinpeng and He, Yulan and Nie, Jian-Yun and Li, Xiaoming},
  booktitle={Proceedings of the 22nd ACM international conference on Conference on information \& knowledge management},
  pages={1649--1654},
  year={2013},
  organization={ACM}
}
@article{artm,
  title={Additive regularization of topic models},
  author={Vorontsov, Konstantin and Potapenko, Anna},
  journal={Machine Learning},
  volume={101},
  number={1-3},
  pages={303--323},
  year={2015},
  publisher={Springer}
}
@article{duan2014limtopic,
  title={Limtopic: A framework of incorporating link based importance into topic modeling},
  author={Duan, Dongsheng and Li, Yuhua and Li, Ruixuan and Zhang, Rui and Gu, Xiwu and Wen, Kunmei},
  journal={IEEE Transactions on Knowledge and Data Engineering},
  volume={26},
  number={10},
  pages={2493--2506},
  year={2014},
  publisher={IEEE}
}
@inproceedings{zheng2011mining,
  title={Mining topics on participations for community discovery},
  author={Zheng, Guoqing and Guo, Jinwen and Yang, Lichun and Xu, Shengliang and Bao, Shenghua and Su, Zhong and Han, Dingyi and Yu, Yong},
  booktitle={Proceedings of the 34th international ACM SIGIR conference on Research and development in Information Retrieval},
  pages={445--454},
  year={2011},
  organization={ACM}
}

@inproceedings{chang2009relational,
  title={Relational Topic Models for Document Networks.},
  author={Chang, Jonathan and Blei, David M},
  booktitle={AIStats},
  volume={9},
  pages={81--88},
  year={2009}
}
@article{lu2011investigating,
  title={Investigating task performance of probabilistic topic models: an empirical study of PLSA and LDA},
  author={Lu, Yue and Mei, Qiaozhu and Zhai, ChengXiang},
  journal={Information Retrieval},
  volume={14},
  number={2},
  pages={178--203},
  year={2011},
  publisher={Springer}
}
@inproceedings{dietz2007unsupervised,
  title={Unsupervised prediction of citation influences},
  author={Dietz, Laura and Bickel, Steffen and Scheffer, Tobias},
  booktitle={Proceedings of the 24th international conference on Machine learning},
  pages={233--240},
  year={2007},
  organization={ACM}
}
@article{newman2004finding,
  title={Finding and evaluating community structure in networks},
  author={Newman, Mark EJ and Girvan, Michelle},
  journal={Physical review E},
  volume={69},
  number={2},
  pages={026113},
  year={2004},
  publisher={APS}
}
@inproceedings{newman2009external,
  title={External evaluation of topic models},
  author={Newman, David and Karimi, Sarvnaz and Cavedon, Lawrence},
  booktitle={in Australasian Doc. Comp. Symp., 2009},
  year={2009},
  organization={Citeseer}
}
@article{bilmes1998gentle,
  title={A gentle tutorial of the EM algorithm and its application to parameter estimation for Gaussian mixture and hidden Markov models},
  author={Bilmes, Jeff A and others},
  journal={International Computer Science Institute},
  volume={4},
  number={510},
  pages={126},
  year={1998}
}
@misc{mitchell1997machine,
  title={Machine learning. WCB},
  author={Mitchell, Tom M and others},
  year={1997},
  publisher={McGraw-Hill Boston, MA:}
}
@article{cohn2001missing,
  title={The missing link-a probabilistic model of document content and hypertext connectivity},
  author={Cohn, David and Hofmann, Thomas},
  journal={Advances in neural information processing systems},
  pages={430--436},
  year={2001},
  publisher={MIT; 1998}
}
@inproceedings{vorontsov2014tutorial,
  title={Tutorial on probabilistic topic modeling: Additive regularization for stochastic matrix factorization},
  author={Vorontsov, Konstantin and Potapenko, Anna},
  booktitle={International Conference on Analysis of Images, Social Networks and Texts\_x000D\_},
  pages={29--46},
  year={2014},
  organization={Springer}
}
@inproceedings{mccallum2009rethinking,
  title={Rethinking lda: why priors matter},
  author={Mccallum, Andrew and Mimno, David M and Wallach, Hanna M},
  booktitle={Advances in neural information processing systems},
  pages={1973--1981},
  year={2009}
}
@inproceedings{sparse,
  title={A sparsity constraint for topic models-application to temporal activity mining},
  author={Varadarajan, Jagannadan and Emonet, R{\'e}mi and Odobez, Jean-Marc},
  booktitle={NIPS-2010 workshop on practical applications of sparse modeling: Open issues and new directions},
  volume={12},
  year={2010}
}

@article{dh_sea,
  title={Words alone: Dismantling topic models in the humanities},
  author={Schmidt, Benjamin M},
  journal={Journal of Digital Humanities},
  volume={2},
  number={1},
  pages={49--65},
  year={2012}
}
@article{L2,
  title={On l2-norm regularization and the gaussian prior},
  author={Rennie, Jason},
  year={2003},
  publisher={Citeseer}
}
@article{blei2007correlated,
  title={A correlated topic model of science},
  author={Blei, David M and Lafferty, John D},
  journal={The Annals of Applied Statistics},
  pages={17--35},
  year={2007},
  publisher={JSTOR}
}

@inproceedings{hofmann1999probabilistic,
  title={Probabilistic latent semantic analysis},
  author={Hofmann, Thomas},
  booktitle={Proceedings of the Fifteenth conference on Uncertainty in artificial intelligence},
  pages={289--296},
  year={1999},
  organization={Morgan Kaufmann Publishers Inc.}
}

@article{deerwester1990indexing,
  title={Indexing by latent semantic analysis},
  author={Deerwester, Scott and Dumais, Susan T and Furnas, George W and Landauer, Thomas K and Harshman, Richard},
  journal={Journal of the American society for information science},
  volume={41},
  number={6},
  pages={391},
  year={1990},
  publisher={American Documentation Institute}
}

@inproceedings{papadimitriou1998latent,
  title={Latent semantic indexing: A probabilistic analysis},
  author={Papadimitriou, Christos H and Tamaki, Hisao and Raghavan, Prabhakar and Vempala, Santosh},
  booktitle={Proceedings of the seventeenth ACM SIGACT-SIGMOD-SIGART symposium on Principles of database systems},
  pages={159--168},
  year={1998},
  organization={ACM}
}
@article{blei2003latent,
  title={Latent dirichlet allocation},
  author={Blei, David M and Ng, Andrew Y and Jordan, Michael I},
  journal={Journal of machine Learning research},
  volume={3},
  number={Jan},
  pages={993--1022},
  year={2003}
}
@inproceedings{yan2013biterm,
  title={A biterm topic model for short texts},
  author={Yan, Xiaohui and Guo, Jiafeng and Lan, Yanyan and Cheng, Xueqi},
  booktitle={Proceedings of the 22nd international conference on World Wide Web},
  pages={1445--1456},
  year={2013},
  organization={ACM}
}
@article{illposed,
  title={Методы решения некорректных задач},
  author={Арсенин, В.Я. and Тихонов, А.Н.},
  journal={книга},
  year={1986},
  publisher={для книг и брошюр): Наука}
}
@inproceedings{rtl,
  title={Reading tea leaves: How humans interpret topic models},
  author={Chang, Jonathan and Gerrish, Sean and Wang, Chong and Boyd-Graber, Jordan L and Blei, David M},
  booktitle={Advances in neural information processing systems},
  pages={288--296},
  year={2009}
}
@article{ma2014three,
  title={A three-phase approach to document clustering based on topic significance degree},
  author={Ma, Yinglong and Wang, Yao and Jin, Beihong},
  journal={Expert systems with applications},
  volume={41},
  number={18},
  pages={8203--8210},
  year={2014},
  publisher={Elsevier}
}

@article{blei2009topic,
  title={Topic models},
  author={Blei, David M and Lafferty, John D},
  journal={Text mining: classification, clustering, and applications},
  volume={10},
  number={71},
  pages={34},
  year={2009}
}
@inproceedings{mrtl,
  title={Machine Reading Tea Leaves: Automatically Evaluating Topic Coherence and Topic Model Quality.},
  author={Lau, Jey Han and Newman, David and Baldwin, Timothy},
  booktitle={EACL},
  pages={530--539},
  year={2014}
}

@inproceedings{aletras2013evaluating,
  title={Evaluating topic coherence using distributional semantics},
  author={Aletras, Nikolaos and Stevenson, Mark}
}

@inproceedings{roder2015exploring,
  title={Exploring the space of topic coherence measures},
  author={R{\"o}der, Michael and Both, Andreas and Hinneburg, Alexander},
  booktitle={Proceedings of the eighth ACM international conference on Web search and data mining},
  pages={399--408},
  year={2015},
  organization={ACM}
}


@article{goldstone2012can,
  title={What can topic models of PMLA teach us about the history of literary scholarship},
  author={Goldstone, Andrew and Underwood, Ted}
}

@article{dispatch,
  title={Mining the dispatch},
  author={Nelson, Robert K},
  journal={Mining the dispatch},
  year={2010},
  url={http://dsl.richmond.edu/dispatch/pages/intro}
}
@article{buurma2015fictionality,
  title={The fictionality of topic modeling: Machine reading Anthony Trollope's Barsetshire series},
  author={Buurma, Rachel Sagner},
  journal={Big Data \& Society},
  volume={2},
  number={2},
  pages={2053951715610591},
  year={2015},
  publisher={SAGE Publications}
}
@article{vorontsov2015additive,
  title={Additive regularization of topic models},
  author={Vorontsov, Konstantin and Potapenko, Anna},
  journal={Machine Learning},
  volume={101},
  number={1-3},
  pages={303--323},
  year={2015},
  publisher={Springer}
}
@inproceedings{voron_dialog,
  title={Регуляризация вероятностных тематических моделей для повышения интерпретируемости и определения числа тем},
  author={Воронцов, КВ and Потапенко, АА},
  booktitle={Компьютерная лингвистика и интеллектуальные технологии: По материалам ежегодной Международной конференции Диалог (Бекасово, 4--8 июня 2014 г.)},
  number={13},
  pages={20}
}
@article{van2003constructing,
  title={Constructing a logic of plausible inference: a guide to cox’s theorem},
  author={Van Horn, Kevin S},
  journal={International Journal of Approximate Reasoning},
  volume={34},
  number={1},
  pages={3--24},
  year={2003},
  publisher={Elsevier}
}
@inproceedings{mimno2011bayesian,
  title={Bayesian checking for topic models},
  author={Mimno, David and Blei, David},
  booktitle={Proceedings of the Conference on Empirical Methods in Natural Language Processing},
  pages={227--237},
  year={2011},
  organization={Association for Computational Linguistics}
}



% ==================


% Encoding: UTF-8

@INPROCEEDINGS{newman2009,
    author = {David Newman and Sarvnaz Karimi and Lawrence Cavedon},
    title = {External evaluation of topic models},
    booktitle = {Australasian Document Computing Symposium, December 2009},
    year = {2009},
    pages = {11--18}
}

@inproceedings{newman2010automatic,
  author = {Newman, David and Lau, Jey Han and Grieser, Karl and Baldwin, Timothy},
  title = {Automatic Evaluation of Topic Coherence},
  booktitle = {Human Language Technologies: The 2010 Annual Conference of the North American Chapter of the Association for Computational Linguistics},
  series = {HLT '10},
  year = {2010},
  isbn = {1-932432-65-5},
  location = {Los Angeles, California},
  pages = {100--108},
  numpages = {9},
  url = {http://dl.acm.org/citation.cfm?id=1857999.1858011},
  acmid = {1858011},
  publisher = {Association for Computational Linguistics},
  address = {Stroudsburg, PA, USA},
}

@inproceedings{mimno2011,
 author = {Mimno, David and Wallach, Hanna M. and Talley, Edmund and Leenders, Miriam and McCallum, Andrew},
 title = {Optimizing Semantic Coherence in Topic Models},
 booktitle = {Proceedings of the Conference on Empirical Methods in Natural Language Processing},
 series = {EMNLP '11},
 year = {2011},
 isbn = {978-1-937284-11-4},
 location = {Edinburgh, United Kingdom},
 pages = {262--272},
 numpages = {11},
 url = {http://dl.acm.org/citation.cfm?id=2145432.2145462},
 acmid = {2145462},
 publisher = {Association for Computational Linguistics},
 address = {Stroudsburg, PA, USA},
}

@InProceedings{aletras2013,
  title =	"Evaluating Topic Coherence Using Distributional
		 Semantics",
  author =	"Nikolaos Aletras and Mark Stevenson",
  bibdate =	"2016-09-19",
  bibsource =	"DBLP,
		 http://dblp.uni-trier.de/db/conf/iwcs/iwcs2013.html\#AletrasS13",
  //booktitle =	"IWCS",
  booktitle =	"Proceedings of the 10th International Conference on
		 Computational Semantics, {IWCS} 2013, March 19-22,
		 2013, University of Potsdam, Potsdam, Germany",
  publisher =	"The Association for Computer Linguistics",
  year = 	"2013",
  editor =	"Katrin Erk and Alexander Koller",
  pages =	"13--22",
  URL =  	"http://aclweb.org/anthology/W/W13/",
}

@Article{blei2012,
  title =	"Probabilistic topic models",
  author =	"David M. Blei",
  journal =	"Commun. ACM",
  year = 	"2012",
  number =	"4",
  volume =	"55",
  bibdate =	"2012-04-20",
  bibsource =	"DBLP,
		 http://dblp.uni-trier.de/db/journals/cacm/cacm55.html\#Blei12",
  pages =	"77--84",
  URL =  	"http://doi.acm.org/10.1145/2133806.2133826",
}

@InProceedings{yi2009,
  title =	"A Comparative Study of Utilizing Topic Models for
		 Information Retrieval",
  author =	"Xing Yi and James Allan",
  bibdate =	"2009-04-23",
  bibsource =	"DBLP,
		 http://dblp.uni-trier.de/db/conf/ecir/ecir2009.html\#YiA09",
  //booktitle =	"ECIR",
  booktitle =	"Advances in Information Retrieval, 31th European
		 Conference on {IR} Research, {ECIR} 2009, Toulouse,
		 France, April 6-9, 2009. Proceedings",
  publisher =	"Springer",
  year = 	"2009",
  volume =	"5478",
  editor =	"Mohand Boughanem and Catherine Berrut and Josiane
		 Mothe and Chantal Soul{\'e}-Dupuy",
  ISBN = 	"978-3-642-00957-0",
  pages =	"29--41",
  series =	"Lecture Notes in Computer Science",
  URL =  	"http://dx.doi.org/10.1007/978-3-642-00958-7",
}

@InProceedings{wang2011,
  title =	"Collaborative topic modeling for recommending
		 scientific articles",
  author =	"Chong Wang and David M. Blei",
  bibdate =	"2011-08-23",
  bibsource =	"DBLP,
		 http://dblp.uni-trier.de/db/conf/kdd/kdd2011.html\#WangB11",
  //booktitle =	"KDD",
  booktitle =	"Proceedings of the 17th {ACM} {SIGKDD} International
		 Conference on Knowledge Discovery and Data Mining, San
		 Diego, {CA}, {USA}, August 21-24, 2011",
  publisher =	"ACM",
  year = 	"2011",
  editor =	"Chid Apt{\'e} and Joydeep Ghosh and Padhraic Smyth",
  ISBN = 	"978-1-4503-0813-7",
  pages =	"448--456",
  URL =  	"http://doi.acm.org/10.1145/2020408.2020480",
}

@Article{rubin2012,
  title =	"Statistical topic models for multi-label document
		 classification",
  author =	"Timothy N. Rubin and America Chambers and Padhraic
		 Smyth and Mark Steyvers",
  journal =	"Machine Learning",
  year = 	"2012",
  number =	"1-2",
  volume =	"88",
  bibdate =	"2012-06-14",
  bibsource =	"DBLP,
		 http://dblp.uni-trier.de/db/journals/ml/ml88.html\#RubinCSS12",
  pages =	"157--208",
  URL =  	"http://dx.doi.org/10.1007/s10994-011-5272-5",
}

@InProceedings{varshney2014,
  title =	"Modeling Information Diffusion in Social Networks
		 Using Latent Topic Information",
  author =	"Devesh Varshney and Sandeep Kumar and Vineet Gupta",
  bibdate =	"2014-07-07",
  bibsource =	"DBLP,
		 http://dblp.uni-trier.de/db/conf/icic/icic2014-1.html\#VarshneyKG14",
  //booktitle =	"ICIC (1)",
  booktitle =	"Intelligent Computing Theory - 10th International
		 Conference, {ICIC} 2014, Taiyuan, China, August 3-6,
		 2014. Proceedings",
  publisher =	"Springer",
  year = 	"2014",
  volume =	"8588",
  editor =	"De-Shuang Huang and Vitoantonio Bevilacqua and Prashan
		 Premaratne",
  ISBN = 	"978-3-319-09332-1",
  pages =	"137--148",
  series =	"Lecture Notes in Computer Science",
  URL =  	"http://dx.doi.org/10.1007/978-3-319-09333-8",
}

@InProceedings{pinto2016,
  title =	"Modeling Multi-topic Information Diffusion in Social
		 Networks Using Latent Dirichlet Allocation and Hawkes
		 Processes",
  author =	"Julio Cesar Louzada Pinto and Tijani Chahed",
  bibdate =	"2016-05-09",
  bibsource =	"DBLP,
		 http://dblp.uni-trier.de/db/conf/sitis/sitis2014.html\#PintoC14",
  //booktitle =	"SITIS",
  booktitle =	"Tenth International Conference on Signal-Image
		 Technology and Internet-Based Systems, {SITIS} 2014,
		 Marrakech, Morocco, November 23-27, 2014",
  publisher =	"IEEE Computer Society",
  year = 	"2014",
  editor =	"Kokou Y{\'e}tongnon and Albert Dipanda and Richard
		 Chbeir",
  ISBN = 	"978-1-4799-7978-3",
  pages =	"339--346",
  URL =  	"http://ieeexplore.ieee.org/xpl/mostRecentIssue.jsp?punumber=7080795",
}

@InProceedings{lee2015,
  title =	"Dynamic Item Recommendation by Topic Modeling for
		 Social Networks",
  author =	"Sang Su Lee and Tagyoung Chung and Dennis McLeod",
  bibdate =	"2015-01-07",
  bibsource =	"DBLP,
		 http://dblp.uni-trier.de/db/conf/itng/itng2011.html\#LeeCM11",
  //booktitle =	"ITNG",
  booktitle =	"Eighth International Conference on Information
		 Technology: New Generations, {ITNG} 2011, Las Vegas,
		 Nevada, {USA}, 11-13 April 2011",
  publisher =	"IEEE Computer Society",
  year = 	"2011",
  editor =	"Shahram Latifi",
  ISBN = 	"978-0-7695-4367-3",
  pages =	"884--889"
}

@InCollection{hofmann1999,
  author =	"T. Hoffman",
  title =	"Probabilistic latent semantic indexing",
  booktitle =	"Proceedings of the 22nd Annual International ACM SIGIR
		 Conference on Research and Development in Information
		 Retrieval",
  publisher =	"ACM Press",
  address =	"New York",
  pages =	"50--57",
  year = 	"1999",
}

@InProceedings{vokov2015,
  title =	"Big{ARTM}: Open Source Library for Regularized
		 Multimodal Topic Modeling of Large Collections",
  author =	"Konstantin Vorontsov and Oleksandr Frei and Murat
		 Apishev and Peter Romov and Marina Dudarenko",
  bibdate =	"2015-12-07",
  bibsource =	"DBLP,
		 http://dblp.uni-trier.de/db/conf/aist/aist2015.html\#VorontsovFARD15",
  //booktitle =	"AIST",
  booktitle =	"Analysis of Images, Social Networks and Texts - 4th
		 International Conference, {AIST} 2015, Yekaterinburg,
		 Russia, April 9-11, 2015, Revised Selected Papers",
  publisher =	"Springer",
  year = 	"2015",
  volume =	"542",
  editor =	"Mikhail Yu. Khachay and Natalia Konstantinova and
		 Alexander Panchenko and Dmitry I. Ignatov and Valeri G.
		 Labunets",
  ISBN = 	"978-3-319-26122-5",
  pages =	"370--381",
  series =	"Communications in Computer and Information Science",
  URL =  	"http://dx.doi.org/10.1007/978-3-319-26123-2",
}

@Article{vokovAnn2015,
  title =	"Additive regularization of topic models",
  author =	"Konstantin Vorontsov and Anna Potapenko",
  journal =	"Machine Learning",
  year = 	"2015",
  number =	"1-3",
  volume =	"101",
  bibdate =	"2015-09-21",
  bibsource =	"DBLP,
		 http://dblp.uni-trier.de/db/journals/ml/ml101.html\#VorontsovP15",
  pages =	"303--323",
  URL =  	"http://dx.doi.org/10.1007/s10994-014-5476-6",
}

@InProceedings{vokovAnn2014,
  title =	"Tutorial on Probabilistic Topic Modeling: Additive
		 Regularization for Stochastic Matrix Factorization",
  author =	"Konstantin Vorontsov and Anna Potapenko",
  bibdate =	"2014-11-08",
  bibsource =	"DBLP,
		 http://dblp.uni-trier.de/db/conf/aist/aist2014.html\#VorontsovP14",
  //booktitle =	"AIST",
  booktitle =	"Analysis of Images, Social Networks and Texts - Third
		 International Conference, {AIST} 2014, Yekaterinburg,
		 Russia, April 10-12, 2014, Revised Selected Papers",
  publisher =	"Springer",
  year = 	"2014",
  volume =	"436",
  editor =	"Dmitry I. Ignatov and Mikhail Yu. Khachay and
		 Alexander Panchenko and Natalia Konstantinova and
		 Rostislav Yavorskiy",
  ISBN = 	"978-3-319-12579-4",
  pages =	"29--46",
  series =	"Communications in Computer and Information Science",
  URL =  	"http://dx.doi.org/10.1007/978-3-319-12580-0",
}

@article{halliday1976cohesion,
  title={Cohesion in english},
  author={Halliday, Michael AK and Hasan, Ruqaiya},
  journal={English, Longman, London},
  publisher={Routledge},
  year={1976}
}
@inproceedings{ldavis2014,
  title={LDAvis: A method for visualizing and interpreting topics},
  author={Sievert, Carson and Shirley, Kenneth},
  booktitle={Proceedings of the workshop on interactive language learning, visualization, and interfaces},
  pages={63--70},
  year={2014}
}
@article{kazachenko2009,
  title={Когерентность и когезия текста},
  author={Казаченко, ОВ},
  journal={Альманах современной науки и образования},
  number={8-2},
  pages={88--90},
  year={2009},
  publisher={Общество с ограниченной ответственностью Издательство Грамота}
}
@article{topmine,
  title={Scalable topical phrase mining from text corpora},
  author={El-Kishky, Ahmed and Song, Yanglei and Wang, Chi and Voss, Clare R and Han, Jiawei},
  journal={Proceedings of the VLDB Endowment},
  volume={8},
  number={3},
  pages={305--316},
  year={2014},
  publisher={VLDB Endowment}
}
@article{chirkova2016additive,
    title={Additive regularization for hierarchical multimodal topic modeling},
    author={Chirkova, Nadezhda and Vorontsov, Konstantin},
    journal={Journal Machine Learning and Data Analysis},
    volume={2},
    number={2},
    pages={187--200},
    year={2016}
}
@inproceedings{taddy2012estimation,
  title={On estimation and selection for topic models},
  author={Taddy, Matt},
  booktitle={Artificial Intelligence and Statistics},
  pages={1184--1193},
  year={2012}
}



@article{kuhn1955hungarian,
  title={The Hungarian method for the assignment problem},
  author={Kuhn, Harold W},
  journal={Naval Research Logistics (NRL)},
  volume={2},
  number={1-2},
  pages={83--97},
  year={1955},
  publisher={Wiley Online Library}
}

@article{monsters_men,
  title={Of Monsters, Men — And Topic Modeling},
  author={Robert K. Nelson},
  journal={The New York Times Opinionator Blog},
  year={2011},
}
@article{irina,
  title={Иерархическая мультимодальная тематическая модель коллекции научно-популярных текстов},
  author={Ефимова Ирина Валерьевна},
  journal={ВКР магистра},
  publisher={МГУ},
  year={2017}
}

@inproceedings{senLDA,
  title={On a topic model for sentences},
  author={Balikas, Georgios and Amini, Massih-Reza and Clausel, Marianne},
  booktitle={Proceedings of the 39th International ACM SIGIR conference on Research and Development in Information Retrieval},
  pages={921--924},
  year={2016},
  organization={ACM}
}



% =============================
% TOPICNET
% =============================





@inproceedings{quan2015short,
  title={Short and sparse text topic modeling via self-aggregation},
  author={Quan, Xiaojun and Kit, Chunyu and Ge, Yong and Pan, Sinno Jialin},
  booktitle={Twenty-Fourth International Joint Conference on Artificial Intelligence},
  year={2015}
}

@inproceedings{li2006pachinko,
  title={Pachinko allocation: DAG-structured mixture models of topic correlations},
  author={Li, Wei and McCallum, Andrew},
  booktitle={Proceedings of the 23rd international conference on Machine learning},
  pages={577--584},
  year={2006},
  organization={ACM}
}


@inproceedings{wallach2009rethinking,
  title={Rethinking LDA: Why priors matter},
  author={Wallach, Hanna M and Mimno, David M and McCallum, Andrew},
  booktitle={Advances in neural information processing systems},
  pages={1973--1981},
  year={2009}
}

@article{mccallum2002mallet,
  title={Mallet: A machine learning for language toolkit},
  author={McCallum, Andrew Kachites},
  journal={http://mallet. cs. umass. edu},
  year={2002}
}

@misc{familia_github,
  author = {Lian, Rongzhong},
  title = {Project Title},
  year = {2019},
  publisher = {GitHub},
  journal = {GitHub repository},
  note = {\url{https://github.com/baidu/Familia/issues/81}},
}

@inproceedings{rehurek_lrec,
      title = {{Software Framework for Topic Modelling with Large Corpora}},
      author = {Radim {\v R}eh{\r u}{\v r}ek and Petr Sojka},
      booktitle = {{Proceedings of the LREC 2010 Workshop on New
           Challenges for NLP Frameworks}},
      pages = {45--50},
      year = 2010,
      month = May,
      day = 22,
      publisher = {ELRA},
      address = {Valletta, Malta},
      note={\url{http://is.muni.cz/publication/884893/en}},
      language={English}
}

@article{qiang2018sttm,
  title={STTM: A Tool for Short Text Topic Modeling},
  author={Qiang, Jipeng and Li, Yun and Yuan, Yunhao and Liu, Wei and Wu, Xindong},
  journal={arXiv preprint arXiv:1808.02215},
  year={2018}
}

@inproceedings{yin2014dirichlet,
  title={A dirichlet multinomial mixture model-based approach for short text clustering},
  author={Yin, Jianhua and Wang, Jianyong},
  booktitle={Proceedings of the 20th ACM SIGKDD international conference on Knowledge discovery and data mining},
  pages={233--242},
  year={2014},
  organization={ACM}
}

@article{zuo2016word,
  title={Word network topic model: a simple but general solution for short and imbalanced texts},
  author={Zuo, Yuan and Zhao, Jichang and Xu, Ke},
  journal={Knowledge and Information Systems},
  volume={48},
  number={2},
  pages={379--398},
  year={2016},
  publisher={Springer}
}

@article{nguyen2015improving,
  title={Improving topic models with latent feature word representations},
  author={Nguyen, Dat Quoc and Billingsley, Richard and Du, Lan and Johnson, Mark},
  journal={Transactions of the Association for Computational Linguistics},
  volume={3},
  pages={299--313},
  year={2015},
  publisher={MIT Press}
}

@article{jiang2018familia,
  title={Familia: A Configurable Topic Modeling Framework for Industrial Text Engineering},
  author={Jiang, Di and Song, Yuanfeng and Lian, Rongzhong and Bao, Siqi and Peng, Jinhua and He, Huang and Wu, Hua},
  journal={arXiv preprint arXiv:1808.03733},
  year={2018}
}

@inproceedings{wang2006topics,
  title={Topics over time: a non-Markov continuous-time model of topical trends},
  author={Wang, Xuerui and McCallum, Andrew},
  booktitle={Proceedings of the 12th ACM SIGKDD international conference on Knowledge discovery and data mining},
  pages={424--433},
  year={2006},
  organization={ACM}
}

@inproceedings{gao2011clickthrough,
  title={Clickthrough-based latent semantic models for web search},
  author={Gao, Jianfeng and Toutanova, Kristina and Yih, Wen-tau},
  booktitle={Proceedings of the 34th international ACM SIGIR conference on Research and development in Information Retrieval},
  pages={675--684},
  year={2011},
  organization={ACM}
}

@inproceedings{wang2007mining,
  title={Mining geographic knowledge using location aware topic model},
  author={Wang, Chong and Wang, Jinggang and Xie, Xing and Ma, Wei-Ying},
  booktitle={Proceedings of the 4th ACM workshop on Geographical information retrieval},
  pages={65--70},
  year={2007},
  organization={ACM}
}

@inproceedings{pol2017towards,
  title={Towards CLARIN-PL LTC Digital Research Platform for: Depositing, Processing, Analyzing and Visualizing Language Data},
  author={Pol, Marcin and Walkowiak, Tomasz and Piasecki, Maciej},
  booktitle={International Conference on Reliability and Statistics in Transportation and Communication},
  pages={485--494},
  year={2017},
  organization={Springer}
}

@InProceedings{stanfordtmt,
  author    = {Ramage, Daniel  and  Rosen, Evan and Chuang, Jason and Manning, Christopher D.  and  McFarland, Daniel A.},
  title     = {Topic Modeling for the Social Sciences},
  booktitle = {Neural Information Processing Systems (NIPS) Workshop on Applications for Topic Models: Text and Beyond},
  month     = {12},
  year      = {2009},
  address   = {Whistler, Canada},
  url       = {pubs/tmt-nips09.pdf}
}
@article{grimmer2013text,
  title={Text as data: The promise and pitfalls of automatic content analysis methods for political texts},
  author={Grimmer, Justin and Stewart, Brandon M},
  journal={Political analysis},
  volume={21},
  number={3},
  pages={267--297},
  year={2013},
  publisher={Cambridge University Press}
}
@inproceedings{kochedykov2017fast,
  title={Fast and modular regularized topic modelling},
  author={Kochedykov, Denis and Apishev, Murat and Golitsyn, Lev and Vorontsov, Konstantin},
  booktitle={2017 21st Conference of Open Innovations Association (FRUCT)},
  pages={182--193},
  year={2017},
  organization={IEEE}
}

@article{vorontsov2015,
  title={Additive regularization of topic models},
  author={Vorontsov, Konstantin and Potapenko, Anna},
  journal={Machine Learning},
  volume={101},
  number={1-3},
  pages={303--323},
  year={2015},
  publisher={Springer}
}

@inproceedings{frei2016parallel,
  title={Parallel non-blocking deterministic algorithm for online topic modeling},
  author={Frei, Oleksandr and Apishev, Murat},
  booktitle={International Conference on Analysis of Images, Social Networks and Texts},
  pages={132--144},
  year={2016},
  organization={Springer}
}

@article{fntir2017applications,
  title={Applications of topic models},
  author={Boyd-Graber, Jordan and Hu, Yuening and Mimno, David and others},
  journal={Foundations and Trends{\textregistered} in Information Retrieval},
  volume={11},
  number={2-3},
  pages={143--296},
  year={2017},
  publisher={Now Publishers, Inc.}
}

@inproceedings{4keys,
  title={Four Keys to Topic Interpretability in Topic Modeling},
  author={Mavrin, Andrey and Filchenkov, Andrey and Koltcov, Sergei},
  booktitle={Conference on Artificial Intelligence and Natural Language},
  pages={117--129},
  year={2018},
  organization={Springer}
}

STABILITY OF TOPIC MODELING VIA MODALITY REGULARIZATION
@inproceedings{derbanosov,
  title={Stability of topic modeling via modality regularization},
  author={Derbanosov, Roman and Bakhanova, Maria},
  booktitle={Computational Linguistics and Intellectual Technologies: Papers from the Annual International Conference Dialogue},
  year={2020}
}

@inproceedings{skachkov,
  title={Improving topic models with segmental structure of texts},
  author={Skachkov, Nikolay and Vorontsov, Konstantin},
  booktitle={Computational Linguistics and Intellectual Technologies: Papers from the Annual International Conference Dialogue},
  pages={652--661},
  year={2018}
}


@inproceedings{lebanoff-etal-2019-scoring,
    title = "Scoring Sentence Singletons and Pairs for Abstractive Summarization",
    author = "Lebanoff, Logan  and
      Song, Kaiqiang  and
      Dernoncourt, Franck  and
      Kim, Doo Soon  and
      Kim, Seokhwan  and
      Chang, Walter  and
      Liu, Fei",
    booktitle = "Proceedings of the 57th Annual Meeting of the Association for Computational Linguistics",
    month = jul,
    year = "2019",
    address = "Florence, Italy",
    publisher = "Association for Computational Linguistics",
    url = "https://www.aclweb.org/anthology/P19-1209",
    doi = "10.18653/v1/P19-1209",
    pages = "2175--2189",
}
@inproceedings{narayan2018don,
  title={Don’t Give Me the Details, Just the Summary! Topic-Aware Convolutional Neural Networks for Extreme Summarization},
  author={Narayan, Shashi and Cohen, Shay B and Lapata, Mirella},
  booktitle={Proceedings of the 2018 Conference on Empirical Methods in Natural Language Processing},
  pages={1797--1807},
  year={2018}
}

@inproceedings{wang2018reinforced,
  title={A Reinforced Topic-Aware Convolutional Sequence-to-Sequence Model for Abstractive Text Summarization},
  author={Wang, Li and Yao, Junlin and Tao, Yunzhe and Zhong, Li and Liu, Wei and Du, Qiang},
  booktitle={International Joint Conference on Artificial Intelligence},
  year={2018}
}

@inproceedings{choi2015topic,
  title={Topic Modeling Users' Interpretations of Songs to Inform Subject Access in Music Digital Libraries},
  author={Choi, Kahyun and Lee, Jin Ha and Willis, Craig and Downie, J Stephen},
  booktitle={Proceedings of the 15th ACM/IEEE-CS Joint Conference on Digital Libraries},
  pages={183--186},
  year={2015},
  organization={ACM}
}
@inproceedings{fell2019song,
  title={Song Lyrics Summarization Inspired by Audio Thumbnailing},
  author={Fell, Michael and Cabrio, Elena and Gandon, Fabien and Giboin, Alain},
  booktitle={RANLP},
  pages={328--337},
  year={2019}
}
@article{watanabe2018modeling,
  title={Modeling Storylines in Lyrics},
  author={Watanabe, Kento and Matsubayashi, Yuichiroh and Inui, Kentaro and Fukayama, Satoru and Nakano, Tomoyasu and Goto, Masataka},
  journal={IEICE TRANSACTIONS on Information and Systems},
  volume={101},
  number={4},
  pages={1167--1179},
  year={2018},
  publisher={The Institute of Electronics, Information and Communication Engineers}
}

@Article{Liu2016,
author="Liu, Lin
and Tang, Lin
and Dong, Wen
and Yao, Shaowen
and Zhou, Wei",
title="An overview of topic modeling and its current applications in bioinformatics",
journal="SpringerPlus",
year="2016",
month="09",
day="20",
volume="5",
number="1",
pages="1608",
abstract="With the rapid accumulation of biological datasets, machine learning methods designed to automate data analysis are urgently needed. In recent years, so-called topic models that originated from the field of natural language processing have been receiving much attention in bioinformatics because of their interpretability. Our aim was to review the application and development of topic models for bioinformatics.",
issn="2193-1801",
doi="10.1186/s40064-016-3252-8",
url="https://doi.org/10.1186/s40064-016-3252-8"
}
@article{funnell2019integrated,
  title={Integrated structural variation and point mutation signatures in cancer genomes using correlated topic models},
  author={Funnell, Tyler and Zhang, Allen W and Grewal, Diljot and McKinney, Steven and Bashashati, Ali and Wang, Yi Kan and Shah, Sohrab P},
  journal={PLoS computational biology},
  volume={15},
  number={2},
  pages={e1006799},
  year={2019},
  publisher={Public Library of Science}
}

@article{antons2019content,
  title={Content, contribution, and knowledge consumption: Uncovering hidden topic structure and rhetorical signals in scientific texts},
  author={Antons, David and Joshi, Amol M and Salge, Torsten Oliver},
  journal={Journal of Management},
  volume={45},
  number={7},
  pages={3035--3076},
  year={2019},
  publisher={SAGE Publications Sage CA: Los Angeles, CA}
}


@article{voron14dan-eng,
    author = {Vorontsov, K. V.},
    title = {Additive Regularization for Topic Models of Text Collections},
    journal = {Doklady Mathematics},
    publisher = {Pleiades Publisher},
    volume = {89},
    number = {3},
    pages = {301--304},
    year = {2014},
}

@inproceedings{voron14aist,
    author = {Vorontsov, K. V. and Potapenko, A. A.},
    title = {Tutorial on Probabilistic Topic Modeling: Additive Regularization for Stochastic Matrix Factorization},
    booktitle = {AIST'2014, Analysis of Images, Social networks and Texts},
    publisher = {Springer International Publishing Switzerland, Communications in Computer and Information Science (CCIS)},
    volume = {436},
    pages = {29-46},
    year = {2014}
}

@article{voron15mlj,
    author = {Vorontsov, K. V. and Potapenko, A. A.},
    title = {Additive Regularization of Topic Models},
    journal = {Machine Learning, Special Issue on Data Analysis and Intelligent Optimization with Applications},
    publisher = {Springer},
    year = {2015},
    volume = {101},
    number = {1},
    pages = {303-323},
}

@inproceedings{voron15slds,
    author = {Vorontsov, K. V. and Potapenko, A. A. and Plavin, A. V.},
    title = {Additive Regularization of Topic Models for Topic Selection and Sparse Factorization},
    booktitle = {The Third International Symposium On Learning And Data Sciences (SLDS 2015). April 20-22, 2015. Royal Holloway, University of London, UK.},
    editor = {A. Gammerman et al.},
    publisher = {Springer International Publishing Switzerland 2015},
    year = {2015},
    pages = {193-202},
}

@inproceedings{voron15nonbayesian,
    author = {Vorontsov, Konstantin and Frei, Oleksandr and Apishev, Murat and Romov, Peter and Suvorova, Marina and Yanina, Anastasia},
    title = {Non-Bayesian Additive Regularization for Multimodal Topic Modeling of Large Collections},
    booktitle = {Proceedings of the 2015 Workshop on Topic Models: Post-Processing and Applications},
    year = {2015},
    location = {Melbourne, Australia},
    pages = {29--37},
    publisher = {ACM},
    address = {New York, NY, USA},
}

@article{dudarenko15multilingual-eng,
	author = {M. A. Dudarenko},
	title = {Regularization of Multilingual Topic Models},
	journal = {Vychisl. Metody Programm. (Numerical methods and programming)},
    publisher = {The Research Computing Center of Lomonosov Moscow State University},
	year = {2015},
    volume = {16},
    pages = {26-38},
}

@inproceedings{voron15aist,
    author = {Konstantin Vorontsov and Oleksandr Frei and Murat Apishev and Petr Romov and Marina Suvorova},
    title = {{BigARTM}: Open Source Library for Regularized Multimodal Topic Modeling of Large Collections},
    booktitle = {AIST'2015, Analysis of Images, Social networks and Texts},
    publisher = {Springer International Publishing Switzerland, Communications in Computer and Information Science (CCIS)},
    pages = {370--384},
    year = {2015}
}

@inproceedings{sokolov15topic,
    author = {Sokolov, Evgeny and Bogolubsky, Lev},
    title = {Topic Models Regularization and Initialization for Regression Problems},
    booktitle = {Proceedings of the 2015 Workshop on Topic Models: Post-Processing and Applications},
    year = {2015},
    location = {Melbourne, Australia},
    pages = {21--27},
    publisher = {ACM},
    address = {New York, NY, USA},
}

@inproceedings{apishev16additive,
    author = {Murat Apishev and Sergei Koltcov and Olessia Koltsova and Sergey Nikolenko and Konstantin Vorontsov},
    title = {Additive Regularization for Topic Modeling in Sociological Studies of User-Generated Text Content},
    booktitle = {MICAI 2016, 15th Mexican International Conference on Artificial Intelligence},
    publisher = {Springer, Lecture Notes in Artificial Intelligence},
    volume = {10061},
    pages = {166--181},
    year = {2016}
}

@article{apishev16mining,
    author = {Murat Apishev and Sergei Koltcov and Olessia Koltsova and Sergey Nikolenko and Konstantin Vorontsov},
    title = {Mining Ethnic Content Online with Additively Regularized Topic Models},
    journal = {Computacion y Sistemas},
    volume = {20},
    number = {3},
    year = {2016},
    pages = {387--403},
}

@article{chirkova16additive,
    author = {Chirkova, N. A. and Vorontsov, K. V.},
    title = {Additive Regularization for Hierarchical Multimodal Topic Modeling},
    journal = {Journal Machine Learning and Data Analysis},
    volume = {2},
    number = {2},
    year = {2016},
    pages = {187-200},
}

@inproceedings{yanina17technews,
    author = {Yanina, Anastasia and Golitsyn, Lev and Vorontsov, Konstantin},
    title = {Multi-objective Topic Modeling for Exploratory Search in Tech News},
    booktitle = {Communications in Computer and Information Science, vol 789.
        AINL-6: Artificial Intelligence and Natural Language Conference, St. Petersburg, Russia, September 20-23, 2017},
    editor={Filchenkov, Andrey and Pivovarova, Lidia and {\v{Z}}i{\v{z}}ka, Jan},
    year = {2018},
    publisher = {Springer International Publishing, Cham},
    pages = {181-193}
}

@inproceedings{potapenko17interpretable,
    author = {Anna Potapenko and Artem Popov and Konstantin Vorontsov},
    title = {Interpretable probabilistic embeddings: bridging the gap between topic models and neural networks},
    booktitle = {Communications in Computer and Information Science, vol 789.
        AINL-6: Artificial Intelligence and Natural Language Conference, St. Petersburg, Russia, September 20-23, 2017},
    year = {2017},
    publisher = {Springer, Cham},
    pages = {167-180}
}

@inproceedings{asuncion09smoothing,
    Author = {A. Asuncion and M. Welling and P. Smyth and Y. W. Teh},
    Title = {On Smoothing and Inference for Topic Models},
    Booktitle = {Proceedings of the International Conference on Uncertainty in Artificial Intelligence},
    location = {Montreal, Quebec, Canada},
    pages = {27-34},
    Year = {2009}
}

@article{mccallum1996bow,
  title={Bow: A toolkit for statistical language modeling, text retrieval, classification and clustering},
  author={McCallum, Andrew Kachites},
  journal={http://www. cs. cmu. edu/mccallum/bow/},
  year={1996}
}

@inproceedings{zuo2016topic,
title={Topic modeling of short texts: A pseudo-document view},
author={Zuo, Yuan and Wu, Junjie and Zhang, Hui and Lin, Hao and Wang, Fei and Xu, Ke and Xiong, Hui},
booktitle={Proceedings of the 22nd ACM SIGKDD international conference on knowledge discovery and data mining},
pages={2105--2114},
year={2016}
}

@article{lee2017human,
  title={The human touch: How non-expert users perceive, interpret, and fix topic models},
  author={Lee, Tak Yeon and Smith, Alison and Seppi, Kevin and Elmqvist, Niklas and Boyd-Graber, Jordan and Findlater, Leah},
  journal={International Journal of Human-Computer Studies},
  volume={105},
  pages={28--42},
  year={2017},
  publisher={Elsevier}
}

@article{agrawal2018wrong,
  title={What is wrong with topic modeling? and how to fix it using search-based software engineering},
  author={Agrawal, Amritanshu and Fu, Wei and Menzies, Tim},
  journal={Information and Software Technology},
  volume={98},
  pages={74--88},
  year={2018},
  publisher={Elsevier}
}
@article{mcinnes2019umap,
  title={Umap: Uniform manifold approximation and projection for dimension reduction},
  author={McInnes, Leland and Healy, John and Melville, James},
  journal={arXiv preprint arXiv:1802.03426},
  year={2018}
}
@article{park2019adc,
  title={ADC: Advanced Document Clustering Using Contextualized Representations},
  author={Park, Jinuk and Park, Chanhee and Kim, Jeongwoo and Cho, Minsoo and Park, Sanghyun},
  journal={Expert Systems with Applications},
  year={2019},
  publisher={Elsevier}
}
@inproceedings{embeddings_in_tm,
  title={Topic modelling with word embeddings},
  author={Esposito, Fabrizio and Corazza, Anna and Cutugno, Francesco},
  booktitle={Proceedings of the Third Italian Conference on Computational Linguistics CLiC-it 2016)},
  pages={129--134},
  year={2016}
}



@article{mikolov2013efficient,
  title={Efficient estimation of word representations in vector space},
  author={Mikolov, Tomas and Chen, Kai and Corrado, Greg and Dean, Jeffrey},
  journal={arXiv preprint arXiv:1301.3781},
  year={2013}
}

@article{harris,
  title={Distributional structure},
  author={Harris, Zellig S},
  journal={Word},
  volume={10},
  number={2-3},
  pages={146--162},
  year={1954},
  publisher={Taylor \& Francis}
}

@inproceedings{gareev2013introducing,
  title={Introducing baselines for Russian named entity recognition},
  author={Gareev, Rinat and Tkachenko, Maksim and Solovyev, Valery and Simanovsky, Andrey and Ivanov, Vladimir},
  booktitle={International Conference on Intelligent Text Processing and Computational Linguistics},
  pages={329--342},
  year={2013},
  organization={Springer}
}

@inproceedings{Ivanitskiy2016RussianNE,
  title={Russian Named Entities Recognition and Classification Using Distributed Word and Phrase Representations.},
  author={Ivanitskiy, Roman and Shipilo, Alexander and Kovriguina, Liubov},
  booktitle={SIMBig},
  pages={150--156},
  year={2016}
}

@inproceedings{burtsev,
  title={Application of a hybrid Bi-LSTM-CRF Model to the task of Russian named entity recognition},
  author={Arkhipov, Mikhail Y and Burtsev, Mikhail S and others},
  booktitle={Conference on Artificial Intelligence and Natural Language},
  pages={91--103},
  year={2017},
  organization={Springer}
}

@article{chen1999empirical,
  title={An empirical study of smoothing techniques for language modeling},
  author={Chen, Stanley F and Goodman, Joshua},
  journal={Computer Speech \& Language},
  volume={13},
  number={4},
  pages={359--394},
  year={1999},
  publisher={Elsevier}
}



@article{landauer1998,
  title={An introduction to latent semantic analysis},
  author={Landauer, Thomas K and Foltz, Peter W and Laham, Darrell},
  journal={Discourse processes},
  volume={25},
  number={2-3},
  pages={259--284},
  year={1998},
  publisher={Taylor and Francis}
}

@article{hofmann2000,
  title={Learning the similarity of documents: An information-geometric approach to document retrieval and categorization},
  author={Hofmann, Thomas},
  booktitle={Advances in neural information processing systems},
  pages={914--920},
  year={2000}
}






@article{persona,
    title = {The Russian language collection for the named-entity recognition task},
    author = {Vlasova, Nataliya and Syleymanova, Elena and Trofimov, Igor},
    year = {2014},
    pages = {36-40},
    journal = {Language semantics: models and technologies},
}

@inproceedings{ptdw,
  title={Improving topic models with segmental structure of texts},
  author={Skachkov, Nikolay and Vorontsov, Konstantin},
  booktitle={Computational Linguistics and Intellectual Technologies: Papers from the Annual International Conference Dialogue},
  pages={652--661},
  year={2018}
}



@inproceedings{doc2vec,
  title={Distributed representations of sentences and documents},
  author={Le, Quoc and Mikolov, Tomas},
  booktitle={International conference on machine learning},
  pages={1188--1196},
  year={2014}
}

@article{lda,
  title={Latent dirichlet allocation},
  author={Blei, David M and Ng, Andrew Y and Jordan, Michael I},
  journal={Journal of machine Learning research},
  volume={3},
  number={Jan},
  pages={993--1022},
  year={2003}
}

@inproceedings{Gupta2018SemanticPF,
  title={Semantic Parsing for Task Oriented Dialog using Hierarchical Representations},
  author={Gupta, Sonal and Shah, Rushin and Mohit, Mrinal and Kumar, Anuj and Lewis, Mike},
  booktitle={EMNLP},
  year={2018}
}

@inproceedings{Tang2018SubgoalDF,
  title={Subgoal Discovery for Hierarchical Dialogue Policy Learning},
  author={Da Tang and Xiujun Li and Jianfeng Gao and Chong Wang and Lihong Li and Tony Jebara},
  booktitle={EMNLP},
  year={2018}
}

@misc{yandex_errors,
  author = {Yandex},
  title = {Yandex search errors statistics},
  howpublished = {\url{https://yandex.ru/company/researches/2016/ya_spelling}},
  year = {2016}
}

@inproceedings{word2vec,
  title={Distributed representations of words and phrases and their compositionality},
  author={Mikolov, Tomas and Sutskever, Ilya and Chen, Kai and Corrado, Greg S and Dean, Jeff},
  booktitle={Advances in neural information processing systems},
  pages={3111--3119},
  year={2013},
}

@article{lda2vec,
  title={Mixing dirichlet topic models and word embeddings to make lda2vec},
  author={Moody, Christopher E},
  journal={arXiv preprint arXiv:1605.02019},
  year={2016}
}



@inproceedings{essentials,
  title={Three typed pragmatics for dialogue structure analysis},
  author={Iida, Hitoshi and Yamaoka, Takayuki and Arita, Hidekazu},
  booktitle={Proceedings of the 13th conference on Computational linguistics-Volume 3},
  pages={370--372},
  year={1990},
  organization={Association for Computational Linguistics}
}

@inproceedings{intent_and_phrase_mining,
  title={Building task-oriented dialogue systems for online shopping},
  author={Yan, Zhao and Duan, Nan and Chen, Peng and Zhou, Ming and Zhou, Jianshe and Li, Zhoujun},
  booktitle={Thirty-First AAAI Conference on Artificial Intelligence},
  year={2017}
}

@inproceedings{chen2015learning,
  title={Learning semantic hierarchy with distributed representations for unsupervised spoken language understanding},
  author={Chen, Yun-Nung and Wang, William Yang and Rudnicky, Alexander I},
  booktitle={Sixteenth Annual Conference of the International Speech Communication Association},
  year={2015}
}

@article{bert,
  author    = {Jacob Devlin and
               Ming{-}Wei Chang and
               Kenton Lee and
               Kristina Toutanova},
  title     = {{BERT:} Pre-training of Deep Bidirectional Transformers for Language
               Understanding},
  journal   = {CoRR},
  volume    = {abs/1810.04805},
  year      = {2018},
  archivePrefix = {arXiv},
  eprint    = {1810.04805},
  timestamp = {Tue, 30 Oct 2018 20:39:56 +0100},
}

@inproceedings{shepitsen2008personalized,
  title={Personalized recommendation in social tagging systems using hierarchical clustering},
  author={Shepitsen, Andriy and Gemmell, Jonathan and Mobasher, Bamshad and Burke, Robin},
  booktitle={Proceedings of the 2008 ACM conference on Recommender systems},
  pages={259--266},
  year={2008},
  organization={ACM}
}

% new




@inproceedings{belyy,
  title={Quality evaluation and improvement for hierarchical topic modeling},
  author={Belyy, A.V. and Seleznova, M.S. and Sholokhov, A.K. and Vorontsov, K.V.},
  booktitle={Computational Linguistics and Intellectual Technologies: Papers from the Annual International Conference Dialogue},
  pages={110--123},
  year={2018}
}

@inproceedings{potapenko2017interpretable,
  title={Interpretable probabilistic embeddings: bridging the gap between topic models and neural networks},
  author={Potapenko, Anna and Popov, Artem and Vorontsov, Konstantin},
  booktitle={Conference on Artificial Intelligence and Natural Language},
  pages={167--180},
  year={2017},
  organization={Springer}
}


@article{blei_hier,
author = {M. Blei, David and L Griffiths, Thomas and Jordan, Michael and B Tenenbaum, Joshua},
year = {2004},
month = {05},
title = {Hierarchical Topic Models and the Nested Chinese Restaurant Process},
volume = {16},
journal = {Advances in Neural Information Processing Systems}
}



@article{dialogue_act_recognition,
  author    = {Zheqian Chen and
               Rongqin Yang and
               Zhou Zhao and
               Deng Cai and
               Xiaofei He},
  title     = {Dialogue Act Recognition via CRF-Attentive Structured Network},
  journal   = {CoRR},
  volume    = {abs/1711.05568},
  year      = {2017},
  archivePrefix = {arXiv},
  eprint    = {1711.05568},
  timestamp = {Mon, 13 Aug 2018 16:47:27 +0200},
  biburl    = {https://dblp.org/rec/bib/journals/corr/abs-1711-05568},
  bibsource = {dblp computer science bibliography, https://dblp.org}
}
@inproceedings{zosa-granroth-wilding-2019-multilingual,
    title = "Multilingual Dynamic Topic Model",
    author = "Zosa, Elaine  and
      Granroth-Wilding, Mark",
    booktitle = "Proceedings of the International Conference on Recent Advances in Natural Language Processing (RANLP 2019)",
    month = sep,
    year = "2019",
    address = "Varna, Bulgaria",
    publisher = "INCOMA Ltd.",
    url = "https://www.aclweb.org/anthology/R19-1159",
    doi = "10.26615/978-954-452-056-4_159",
    pages = "1388--1396",
    abstract = "Dynamic topic models (DTMs) capture the evolution of topics and trends in time series data.Current DTMs are applicable only to monolingual datasets. In this paper we present the multilingual dynamic topic model (ML-DTM), a novel topic model that combines DTM with an existing multilingual topic modeling method to capture cross-lingual topics that evolve across time. We present results of this model on a parallel German-English corpus of news articles and a comparable corpus of Finnish and Swedish news articles. We demonstrate the capability of ML-DTM to track significant events related to a topic and show that it finds distinct topics and performs as well as existing multilingual topic models in aligning cross-lingual topics.",
}














@inproceedings{sun2016exploring,
  title={Exploring topic models in software engineering data analysis: A survey},
  author={Sun, Xiaobing and Liu, Xiangyue and Li, Bin and Duan, Yucong and Yang, Hui and Hu, Jiajun},
  booktitle={2016 17th IEEE/ACIS International Conference on Software Engineering, Artificial Intelligence, Networking and Parallel/Distributed Computing (SNPD)},
  pages={357--362},
  year={2016},
  organization={IEEE}
}
@article{chen2016survey,
  title={A survey on the use of topic models when mining software repositories},
  author={Chen, Tse-Hsun and Thomas, Stephen W and Hassan, Ahmed E},
  journal={Empirical Software Engineering},
  volume={21},
  number={5},
  pages={1843--1919},
  year={2016},
  publisher={Springer}
}
@inproceedings{de2012using,
  title={Using IR methods for labeling source code artifacts: Is it worthwhile?},
  author={De Lucia, Andrea and Di Penta, Massimiliano and Oliveto, Rocco and Panichella, Annibale and Panichella, Sebastiano},
  booktitle={2012 20th IEEE International Conference on Program Comprehension (ICPC)},
  pages={193--202},
  year={2012},
  organization={IEEE}
}
@article{dit2013feature,
  title={Feature location in source code: a taxonomy and survey},
  author={Dit, Bogdan and Revelle, Meghan and Gethers, Malcom and Poshyvanyk, Denys},
  journal={Journal of software: Evolution and Process},
  volume={25},
  number={1},
  pages={53--95},
  year={2013},
  publisher={Wiley Online Library}
}
@inproceedings{asuncion2010software,
  title={Software traceability with topic modeling},
  author={Asuncion, Hazeline U and Asuncion, Arthur U and Taylor, Richard N},
  booktitle={2010 ACM/IEEE 32nd International Conference on Software Engineering},
  volume={1},
  pages={95--104},
  year={2010},
  organization={IEEE}
}


@article{franz2020using,
  title={Using Topic Modeling to Detect and Describe Self-Injurious and Related Content on a Large-Scale Digital Platform},
  author={Franz, Peter J and Nook, Erik C and Mair, Patrick and Nock, Matthew K},
  journal={Suicide and Life-Threatening Behavior},
  volume={50},
  number={1},
  pages={5--18},
  year={2020},
  publisher={Wiley Online Library}
}


@inproceedings{ianina2017multi,
  title={Multi-objective topic modeling for exploratory search in tech news},
  author={Ianina, Anastasia and Golitsyn, Lev and Vorontsov, Konstantin},
  booktitle={Conference on Artificial Intelligence and Natural Language},
  pages={181--193},
  year={2017},
  organization={Springer}
}
@inproceedings{ianina2019regularized,
  title={Regularized multimodal hierarchical topic model for document-by-document exploratory search},
  author={Ianina, Anastasia and Vorontsov, Konstantin},
  booktitle={2019 25th Conference of Open Innovations Association (FRUCT)},
  pages={131--138},
  year={2019},
  organization={IEEE}
}
@techreport{moss2019transitions,
  title={Transitions of Tonality: A Model-Based Corpus Study},
  author={Moss, Fabian Claude},
  year={2019},
  institution={EPFL}
}
@article{boydcare,
  title={Care and Feeding of Topic Models: Problems, Diagnostics, and Improvements},
  author={Boyd-Graber, Jordan and Mimno, David and Newman, David},
  journal={Handbook of Mixed Membership Models and Their Applications},
  publisher={CRC Press}
}
@article{mccallum2005author,
  title={The author-recipient-topic model for topic and role discovery in social networks: Experiments with enron and academic email},
  author={McCallum, Andrew and Corrada-Emmanuel, Andr{\'e}s and Wang, Xuerui},
  journal={Computer Science Department Faculty Publication Series},
  pages={44},
  year={2005}
}

@inproceedings{nallapati2008link,
  title={Link-PLSA-LDA: A New Unsupervised Model for Topics and Influence of Blogs.},
  author={Nallapati, Ramesh and Cohen, William W},
  booktitle={ICWSM},
  pages={84--92},
  year={2008}
}

@inproceedings{steyvers2004probabilistic,
  title={Probabilistic author-topic models for information discovery},
  author={Steyvers, Mark and Smyth, Padhraic and Rosen-Zvi, Michal and Griffiths, Thomas},
  booktitle={Proceedings of the tenth ACM SIGKDD international conference on Knowledge discovery and data mining},
  pages={306--315},
  year={2004},
  organization={ACM}
}
@inproceedings{vorontsov2014additive,
  title={Additive regularization for topic models of text collections},
  author={Vorontsov, KV},
  booktitle={Doklady Mathematics},
  volume={89},
  number={3},
  pages={301--304},
  year={2014},
  organization={Citeseer}
}



@inproceedings{alsumait2009topic,
  title={Topic significance ranking of LDA generative models},
  author={AlSumait, Loulwah and Barbar{\'a}, Daniel and Gentle, James and Domeniconi, Carlotta},
  booktitle={Joint European Conference on Machine Learning and Knowledge Discovery in Databases},
  pages={67--82},
  year={2009},
  organization={Springer}
}

@inproceedings{koltcov2014latent,
  title={Latent dirichlet allocation: stability and applications to studies of user-generated content},
  author={Koltcov, Sergei and Koltsova, Olessia and Nikolenko, Sergey},
  booktitle={Proceedings of the 2014 ACM conference on Web science},
  pages={161--165},
  year={2014}
}
@article{yanginferring,
  title={Inferring Business Similarity from Topic Modeling},
  author={Yang, Alex and Provinciali, Carlo}
}

@article{milkova2019distant,
  title={Тематические модели как инструмент "дальнего чтения"},
  author={Милкова, МА},
  journal={Цифровая экономика},
  number={1},
  pages={57--70},
  year={2019},
  publisher={Центральный экономико-математический институт РАН}
}

@article{paakkonen2020humanistic,
  title={Humanistic interpretation and machine learning},
  author={P{\"a}{\"a}kk{\"o}nen, Juho and Ylikoski, Petri},
  journal={Synthese},
  pages={1--37},
  year={2020},
  publisher={Springer}
}
@article{hou2018benchmarking,
  title={Benchmarking and improving recovery of number of topics in latent Dirichlet allocation models},
  author={Hou-Liu, Jason},
  year={2018}
}
@article{mcinnes2018umap,
  title={UMAP: Uniform Manifold Approximation and Projection},
  author={McInnes, Leland and Healy, John and Saul, Nathaniel and Gro{\ss}berger, Lukas},
  journal={Journal of Open Source Software},
  volume={3},
  number={29},
  pages={861},
  year={2018}
}
@article{daud10knowledge,
    title = {Knowledge discovery through directed probabilistic topic models: a survey},
    author = {Daud, Ali and Li, Juanzi and Zhou, Lizhu and Muhammad, Faqir},
    journal = {Frontiers of Computer Science in China},
    number = {2},
    volume = {4},
    year = {2010},
    pages = {280--301},
    publisher = {Higher Education Press, co-published with Springer-Verlag GmbH}
}


