
@Patent{prog_view,
  heading =      {Свидетельство о гос. регистрации программы для {ЭВМ}},
  author =       {Гончаров Алексей Владимирович, Булатов Виктор Геннадьевич, Воронцов Константин Вячеславович},
  title =        {Topic Net Viewers},
  media =        {text},
  holder =       {Федеральное государственное автономное образовательное учреждение высшего образования «Московский физико-технический институт (национальный исследовательский университет)»},
  reqnumber =    2019660707,
  publdate =     {2019-09-10},
  date =         {2019-08-30},
  prnumber =     2019661840,
  prcountry =    {countryru},
  language =     {russian},
  authorprogram ={yes},
}

@Patent{prog_cook,
  heading =      {Свидетельство о гос. регистрации программы для {ЭВМ}},
  author =       {Гончаров Алексей Владимирович, Булатов Виктор Геннадьевич, Воронцов Константин Вячеславович},
  title =        {Topic Net Cooking Machine},
  media =        {text},
  holder =       {Федеральное государственное автономное образовательное учреждение высшего образования «Московский физико-технический институт (национальный исследовательский университет)»},
  reqnumber =    2019660705,
  publdate =     {2019-09-17},
  date =         {2019-08-30},
  prnumber =     2019662102,
  prcountry =    {countryru},
  language =     {russian},
  authorprogram ={yes},
}
